Beginner level - Application
@misc{yousician,
  author       = {Yousician, Oy},
  title        = {Yousician | Learn Guitar, Piano, Ukulele With The Songs you Love},
  year         = {2023},
  month        = {1},
  howpublished = {\url{https://yousician.com/}},
  note         = {(Accessed on 01/04/2023)}
}
@misc{smartmusic,
  author       = {MakeMusic, Inc.},
  title        = {SmartMusic | Music Learning Software for Educators \& Students},
  year         = {2023},
  month        = {1},
  howpublished = {\url{https://www.smartmusic.com/}},
  note         = {(Accessed on 01/04/2023)}
}
@misc{musicprodigy,
  author       = {Music Prodigy},
  title        = {Music Prodigy},
  year         = {2023},
  month        = {1},
  howpublished = {\url{http://www.musicprodigy.com/}},
  note         = {(Accessed on 01/04/2023)}
}
@misc{tempoadvance,
  author       = {Frozen Ape Pte. Ltd.},
  title        = {Tempo Advance},
  year         = {2023},
  month        = {1},
  howpublished = {\url{http://www.frozenape.com/tempoadvance-metronome.html}},
  note         = {(Accessed on 01/04/2023)}
}